@book{streeter,
address = {Santa F{\'{e}} de Bogot{\'{a}}},
author = {Streeter, Victor L and Wylie, E Benjamin and Bedford, Keith W},
edition = {9},
editor = {Ariza, Emma},
file = {:C\:/Users/usuario/Documents/FCQ/Libros/Mec{\'{a}}nica de los Fluidos - Streeter - 9 Edici{\'{o}}n.pdf:pdf},
isbn = {958-600-987-4},
pages = {749},
publisher = {McGraw Hill},
title = {{Mec{\'{a}}nica de los Fluidos}},
year = {2000}
}


@article{suryadi,
author = {Suryadi, H.},
title = {{Pengantar Sistem Pakar}},
journal = {Universitas Gunadarma},
year = {1994},
}

@article{lestari,
author = {Lestari, Y.and Mesran and Suginam and Fadlina},
title = {{Sistem Pakar Untuk Mendiagnosis Penyakit Tumor Otak Menggunakan Metode Certainty Factor (CF )}},
journal = {Infotek},
volume = {2},
number = {1},
pages = {82-86},
year = {2017},
}

@misc{chatgpt,
    author = {OpenAI},
    title = {{ChatGPT: Optimizing Language Models for Dialogue}},
    year = {2024},
    note = {Un modelo de lenguaje conversacional desarrollado por OpenAI, basado en la arquitectura de transformadores, utilizado para generar respuestas de texto en un formato de di√°logo.}
}